<record><leader>00000cas a22000007a 4500</leader><controlfield tag="001">30491658</controlfield><controlfield tag="008">940525d1861186umou x ne      0    0eng d</controlfield><datafield ind1=" " ind2=" " tag="010"><subfield code="a">sn 94054715 </subfield></datafield><datafield ind1=" " ind2=" " tag="040"><subfield code="a">NVF</subfield><subfield code="b">eng</subfield><subfield code="c">NVF</subfield><subfield code="d">OCL</subfield><subfield code="d">OCLCQ</subfield><subfield code="d">OCLCO</subfield></datafield><datafield ind1=" " ind2=" " tag="042"><subfield code="a">msc</subfield></datafield><datafield ind1=" " ind2=" " tag="043"><subfield code="a">n-us---</subfield></datafield><datafield ind1="0" ind2="4" tag="245"><subfield code="a">The War eagle &amp; camp journal of the army of the west.</subfield></datafield><datafield ind1="3" ind2="0" tag="246"><subfield code="a">War eagle and camp journal of the army of the west</subfield></datafield><datafield ind1="3" ind2="0" tag="246"><subfield code="a">War eagle &amp; camp journal</subfield></datafield><datafield ind1="3" ind2="0" tag="246"><subfield code="a">War eagle and camp journal</subfield></datafield><datafield ind1="3" ind2="0" tag="246"><subfield code="a">War eagle</subfield></datafield><datafield ind1=" " ind2=" " tag="260"><subfield code="a">Camp at Otterville [Mo.] :</subfield><subfield code="b">C.H. James and D.G. Scouten</subfield></datafield><datafield ind1=" " ind2=" " tag="300"><subfield code="a">v.</subfield></datafield><datafield ind1=" " ind2=" " tag="310"><subfield code="a">Irregular</subfield></datafield><datafield ind1="1" ind2=" " tag="362"><subfield code="a">Began in Dec. 1861?</subfield></datafield><datafield ind1=" " ind2=" " tag="500"><subfield code="a">"Of the Army of the West" appears in small type in the masthead.</subfield></datafield><datafield ind1=" " ind2=" " tag="500"><subfield code="a">"Issued semi-occasionally."</subfield></datafield><datafield ind1=" " ind2=" " tag="588"><subfield code="a">Description based on: Vol. 1, no. 2 (Jan. 1, 1862).</subfield></datafield><datafield ind1="1" ind2="0" tag="610"><subfield code="a">United States.</subfield><subfield code="b">Army.</subfield><subfield code="b">Illinois Infantry Regiment, 59th (1861-1865)</subfield><subfield code="v">Newspapers.</subfield></datafield><datafield ind1="1" ind2="0" tag="610"><subfield code="a">United States.</subfield><subfield code="b">Army.</subfield><subfield code="b">Missouri Infantry Regiment, 9th (1861-1865)</subfield><subfield code="v">Newspapers.</subfield></datafield><datafield ind1=" " ind2="0" tag="651"><subfield code="a">United States</subfield><subfield code="x">History</subfield><subfield code="y">Civil War, 1861-1865</subfield><subfield code="v">Newspapers.</subfield></datafield><datafield ind1=" " ind2=" " tag="752"><subfield code="a">United States</subfield><subfield code="b">Missouri</subfield><subfield code="c">Cooper</subfield><subfield code="d">Otterville.</subfield></datafield></record>